@inproceedings{hu_llm,
  title={Amortizing Intractable Inference in Large Language Models},
  author={Hu, Edward J. and Jain, Moksh and Elmoznino, Eric and Kaddar, Younesse and Lajoie, Guillaume and Bengio, Yoshua and Malkin, Nikolay},
  booktitle={Proceedings of the International Conference on Learning Representations},
  year={2024}
}

@article{hindsight_openai,
  title={Hindsight experience replay},
  author={Andrychowicz, Marcin and Wolski, Filip and Ray, Alex and Schneider, Jonas and Fong, Rachel and Welinder, Peter and McGrew, Bob and Tobin, Josh and Pieter Abbeel, OpenAI and Zaremba, Wojciech},
  journal={Advances in neural information processing systems},
  volume={30},
  year={2017}
}

@inproceedings{UVFA,
  author       = {Tom Schaul and
                  Daniel Horgan and
                  Karol Gregor and
                  David Silver},
  editor       = {Francis R. Bach and
                  David M. Blei},
  title        = {Universal Value Function Approximators},
  booktitle    = {Proceedings of the 32nd International Conference on Machine Learning,
                  {ICML} 2015, Lille, France, 6-11 July 2015},
  series       = {{JMLR} Workshop and Conference Proceedings},
  volume       = {37},
  pages        = {1312--1320},
  publisher    = {JMLR.org},
  year         = {2015},
  url          = {http://proceedings.mlr.press/v37/schaul15.html},
  timestamp    = {Wed, 29 May 2019 08:41:46 +0200},
  biburl       = {https://dblp.org/rec/conf/icml/SchaulHGS15.bib},
  bibsource    = {dblp computer science bibliography, https://dblp.org}
}